<record><leader>00000cas a22000007a 4500</leader><controlfield tag="001">42370075</controlfield><controlfield tag="008">990914d195u19uuazumr ne      0    0eng d</controlfield><datafield ind1=" " ind2=" " tag="010"><subfield code="a">sn 99068139 </subfield></datafield><datafield ind1=" " ind2=" " tag="040"><subfield code="a">ANN</subfield><subfield code="b">eng</subfield><subfield code="c">ANN</subfield><subfield code="d">OCLCQ</subfield><subfield code="d">OCLCO</subfield></datafield><datafield ind1=" " ind2=" " tag="042"><subfield code="a">msc</subfield></datafield><datafield ind1=" " ind2=" " tag="043"><subfield code="a">n-us-az</subfield></datafield><datafield ind1="0" ind2="0" tag="245"><subfield code="a">Apache newsletter.</subfield></datafield><datafield ind1=" " ind2=" " tag="260"><subfield code="a">San Carlos Apache Reservation, San Carlos, Ariz. :</subfield><subfield code="b">San Carlos Apache Tribal Council</subfield></datafield><datafield ind1=" " ind2=" " tag="300"><subfield code="a">v. ;</subfield><subfield code="c">36 cm.</subfield></datafield><datafield ind1=" " ind2=" " tag="310"><subfield code="a">Monthly</subfield></datafield><datafield ind1=" " ind2=" " tag="588"><subfield code="a">Description based on: Vol. 4, no. 8 (Jan.-Feb. 1956).</subfield></datafield><datafield ind1="2" ind2="0" tag="610"><subfield code="a">San Carlos Apache Tribe.</subfield></datafield><datafield ind1=" " ind2="0" tag="650"><subfield code="a">Apache Indians</subfield><subfield code="z">Arizona</subfield><subfield code="v">Newspapers.</subfield></datafield><datafield ind1=" " ind2="0" tag="651"><subfield code="a">San Carlos Indian Reservation</subfield><subfield code="v">Newspapers.</subfield></datafield><datafield ind1=" " ind2="4" tag="651"><subfield code="a">San Carlos (Ariz.)</subfield><subfield code="v">Newspapers.</subfield></datafield><datafield ind1="2" ind2=" " tag="710"><subfield code="a">San Carlos Apache Tribal Council.</subfield></datafield><datafield ind1=" " ind2=" " tag="752"><subfield code="a">United States</subfield><subfield code="b">Arizona</subfield><subfield code="c">Gila</subfield><subfield code="d">San Carlos.</subfield></datafield><datafield ind1="0" ind2="0" tag="780"><subfield code="t">San Carlos Reservation Apache newsletter</subfield><subfield code="w">(DLC)sn 99068144</subfield><subfield code="w">(OCoLC)42370333</subfield></datafield><datafield ind1="0" ind2="0" tag="785"><subfield code="t">Apache drumbeat</subfield><subfield code="w">(DLC)sn 90051695</subfield><subfield code="w">(OCoLC)21402603</subfield></datafield></record>